%YAML 1.1
%TAG !u! tag:unity3d.com,2011:
--- !u!1 &610936437
GameObject:
  m_ObjectHideFlags: 0
  m_CorrespondingSourceObject: {fileID: 0}
  m_PrefabInstance: {fileID: 0}
  m_PrefabAsset: {fileID: 0}
  serializedVersion: 6
  m_Component:
  - component: {fileID: 610936438}
  - component: {fileID: 610936439}
  m_Layer: 0
  m_Name: EnemyBarController
  m_TagString: Untagged
  m_Icon: {fileID: 0}
  m_NavMeshLayer: 0
  m_StaticEditorFlags: 0
  m_IsActive: 1
--- !u!4 &610936438
Transform:
  m_ObjectHideFlags: 0
  m_CorrespondingSourceObject: {fileID: 0}
  m_PrefabInstance: {fileID: 0}
  m_PrefabAsset: {fileID: 0}
  m_GameObject: {fileID: 610936437}
  m_LocalRotation: {x: 0, y: 0, z: 0, w: 1}
  m_LocalPosition: {x: 0, y: 0, z: 0}
  m_LocalScale: {x: 1, y: 1, z: 1}
  m_Children: []
  m_Father: {fileID: 9058680483657612476}
  m_RootOrder: 5
  m_LocalEulerAnglesHint: {x: 0, y: 0, z: 0}
--- !u!114 &610936439
MonoBehaviour:
  m_ObjectHideFlags: 0
  m_CorrespondingSourceObject: {fileID: 0}
  m_PrefabInstance: {fileID: 0}
  m_PrefabAsset: {fileID: 0}
  m_GameObject: {fileID: 610936437}
  m_Enabled: 1
  m_EditorHideFlags: 0
  m_Script: {fileID: 11500000, guid: 3888f164a05e9a141b2b19e1ed94b12b, type: 3}
  m_Name: 
  m_EditorClassIdentifier: 
  enemy: {fileID: 3027839936806837819}
  EnemyName: {fileID: 0}
  EnemyBar: {fileID: 0}
  ActualHpMSG: {fileID: 0}
  EnemyTargeted: {fileID: 11400000, guid: 0a40e4af2da12d74fa230e3b1481710a, type: 2}
--- !u!1 &645242748
GameObject:
  m_ObjectHideFlags: 0
  m_CorrespondingSourceObject: {fileID: 0}
  m_PrefabInstance: {fileID: 0}
  m_PrefabAsset: {fileID: 0}
  serializedVersion: 6
  m_Component:
  - component: {fileID: 645242749}
  - component: {fileID: 645242750}
  m_Layer: 0
  m_Name: GameObject
  m_TagString: Untagged
  m_Icon: {fileID: 0}
  m_NavMeshLayer: 0
  m_StaticEditorFlags: 0
  m_IsActive: 1
--- !u!4 &645242749
Transform:
  m_ObjectHideFlags: 0
  m_CorrespondingSourceObject: {fileID: 0}
  m_PrefabInstance: {fileID: 0}
  m_PrefabAsset: {fileID: 0}
  m_GameObject: {fileID: 645242748}
  m_LocalRotation: {x: 0, y: 0, z: 0, w: 1}
  m_LocalPosition: {x: 0, y: 0, z: 0}
  m_LocalScale: {x: 1, y: 1, z: 1}
  m_Children: []
  m_Father: {fileID: 9058680483657612476}
  m_RootOrder: 6
  m_LocalEulerAnglesHint: {x: 0, y: 0, z: 0}
--- !u!136 &645242750
CapsuleCollider:
  m_ObjectHideFlags: 0
  m_CorrespondingSourceObject: {fileID: 0}
  m_PrefabInstance: {fileID: 0}
  m_PrefabAsset: {fileID: 0}
  m_GameObject: {fileID: 645242748}
  m_Material: {fileID: 0}
  m_IsTrigger: 1
  m_Enabled: 0
  m_Radius: 1.5212414
  m_Height: 3.9982762
  m_Direction: 1
  m_Center: {x: 0.000000007768035, y: 0, z: 1.0212326}
--- !u!1 &2479793731696680131
GameObject:
  m_ObjectHideFlags: 0
  m_CorrespondingSourceObject: {fileID: 0}
  m_PrefabInstance: {fileID: 0}
  m_PrefabAsset: {fileID: 0}
  serializedVersion: 6
  m_Component:
  - component: {fileID: 2479793731696680130}
  - component: {fileID: 125825685725658833}
  m_Layer: 0
  m_Name: InventoryManager
  m_TagString: manager
  m_Icon: {fileID: 0}
  m_NavMeshLayer: 0
  m_StaticEditorFlags: 0
  m_IsActive: 1
--- !u!4 &2479793731696680130
Transform:
  m_ObjectHideFlags: 0
  m_CorrespondingSourceObject: {fileID: 0}
  m_PrefabInstance: {fileID: 0}
  m_PrefabAsset: {fileID: 0}
  m_GameObject: {fileID: 2479793731696680131}
  m_LocalRotation: {x: 0, y: 0, z: 0, w: 1}
  m_LocalPosition: {x: 0, y: 0, z: 0}
  m_LocalScale: {x: 1, y: 1, z: 1}
  m_Children: []
  m_Father: {fileID: 9058680483657612476}
  m_RootOrder: 2
  m_LocalEulerAnglesHint: {x: 0, y: 0, z: 0}
--- !u!114 &125825685725658833
MonoBehaviour:
  m_ObjectHideFlags: 0
  m_CorrespondingSourceObject: {fileID: 0}
  m_PrefabInstance: {fileID: 0}
  m_PrefabAsset: {fileID: 0}
  m_GameObject: {fileID: 2479793731696680131}
  m_Enabled: 1
  m_EditorHideFlags: 0
  m_Script: {fileID: 11500000, guid: c6b9e8681fe48554aa346b30c83fb5c3, type: 3}
  m_Name: 
  m_EditorClassIdentifier: 
  inventoryActive: 0
  di: {fileID: 0}
  inventario: {fileID: 11400000, guid: 227b5b881fa470a46b41495523bd0065, type: 2}
--- !u!1 &2479793731814304009
GameObject:
  m_ObjectHideFlags: 0
  m_CorrespondingSourceObject: {fileID: 0}
  m_PrefabInstance: {fileID: 0}
  m_PrefabAsset: {fileID: 0}
  serializedVersion: 6
  m_Component:
  - component: {fileID: 2479793731814304008}
  - component: {fileID: 2479793731814304011}
  m_Layer: 0
  m_Name: PauseManager
  m_TagString: pause
  m_Icon: {fileID: 0}
  m_NavMeshLayer: 0
  m_StaticEditorFlags: 0
  m_IsActive: 1
--- !u!4 &2479793731814304008
Transform:
  m_ObjectHideFlags: 0
  m_CorrespondingSourceObject: {fileID: 0}
  m_PrefabInstance: {fileID: 0}
  m_PrefabAsset: {fileID: 0}
  m_GameObject: {fileID: 2479793731814304009}
  m_LocalRotation: {x: 0, y: 0, z: 0, w: 1}
  m_LocalPosition: {x: 0, y: 0, z: 0}
  m_LocalScale: {x: 1, y: 1, z: 1}
  m_Children: []
  m_Father: {fileID: 9058680483657612476}
  m_RootOrder: 3
  m_LocalEulerAnglesHint: {x: 0, y: 0, z: 0}
--- !u!114 &2479793731814304011
MonoBehaviour:
  m_ObjectHideFlags: 0
  m_CorrespondingSourceObject: {fileID: 0}
  m_PrefabInstance: {fileID: 0}
  m_PrefabAsset: {fileID: 0}
  m_GameObject: {fileID: 2479793731814304009}
  m_Enabled: 1
  m_EditorHideFlags: 0
  m_Script: {fileID: 11500000, guid: 1e4078bafabcadd4abb1b089c8bacf23, type: 3}
  m_Name: 
  m_EditorClassIdentifier: 
  pauseActive: 0
--- !u!1 &2479793731891363969
GameObject:
  m_ObjectHideFlags: 0
  m_CorrespondingSourceObject: {fileID: 0}
  m_PrefabInstance: {fileID: 0}
  m_PrefabAsset: {fileID: 0}
  serializedVersion: 6
  m_Component:
  - component: {fileID: 2479793731891363970}
  - component: {fileID: 2479793731891363971}
  - component: {fileID: 2479793731891363968}
  - component: {fileID: 1261048250}
  - component: {fileID: 346504208957265050}
  m_Layer: 0
  m_Name: MiniMap
  m_TagString: Untagged
  m_Icon: {fileID: 0}
  m_NavMeshLayer: 0
  m_StaticEditorFlags: 0
  m_IsActive: 1
--- !u!4 &2479793731891363970
Transform:
  m_ObjectHideFlags: 0
  m_CorrespondingSourceObject: {fileID: 0}
  m_PrefabInstance: {fileID: 0}
  m_PrefabAsset: {fileID: 0}
  m_GameObject: {fileID: 2479793731891363969}
  m_LocalRotation: {x: 0.7071068, y: 0, z: 0, w: 0.7071068}
  m_LocalPosition: {x: 0, y: 6.13, z: 0}
  m_LocalScale: {x: 1, y: 1, z: 1}
  m_Children: []
  m_Father: {fileID: 9058680483657612476}
  m_RootOrder: 4
  m_LocalEulerAnglesHint: {x: 90, y: 0, z: 0}
--- !u!20 &2479793731891363971
Camera:
  m_ObjectHideFlags: 0
  m_CorrespondingSourceObject: {fileID: 0}
  m_PrefabInstance: {fileID: 0}
  m_PrefabAsset: {fileID: 0}
  m_GameObject: {fileID: 2479793731891363969}
  m_Enabled: 1
  serializedVersion: 2
  m_ClearFlags: 1
  m_BackGroundColor: {r: 0.19215687, g: 0.3019608, b: 0.4745098, a: 0}
  m_projectionMatrixMode: 1
  m_GateFitMode: 2
  m_FOVAxisMode: 0
  m_SensorSize: {x: 36, y: 24}
  m_LensShift: {x: 0, y: 0}
  m_FocalLength: 50
  m_NormalizedViewPortRect:
    serializedVersion: 2
    x: 0
    y: 0
    width: 1
    height: 1
  near clip plane: 0.3
  far clip plane: 1000
  field of view: 60
  orthographic: 0
  orthographic size: 5
  m_Depth: 0
  m_CullingMask:
    serializedVersion: 2
    m_Bits: 4294967295
  m_RenderingPath: -1
  m_TargetTexture: {fileID: 8400000, guid: 6cf2df447ed0f424d84545727b71df7a, type: 2}
  m_TargetDisplay: 0
  m_TargetEye: 3
  m_HDR: 1
  m_AllowMSAA: 1
  m_AllowDynamicResolution: 0
  m_ForceIntoRT: 0
  m_OcclusionCulling: 1
  m_StereoConvergence: 10
  m_StereoSeparation: 0.022
--- !u!81 &2479793731891363968
AudioListener:
  m_ObjectHideFlags: 0
  m_CorrespondingSourceObject: {fileID: 0}
  m_PrefabInstance: {fileID: 0}
  m_PrefabAsset: {fileID: 0}
  m_GameObject: {fileID: 2479793731891363969}
  m_Enabled: 0
--- !u!114 &1261048250
MonoBehaviour:
  m_ObjectHideFlags: 0
  m_CorrespondingSourceObject: {fileID: 0}
  m_PrefabInstance: {fileID: 0}
  m_PrefabAsset: {fileID: 0}
  m_GameObject: {fileID: 2479793731891363969}
  m_Enabled: 1
  m_EditorHideFlags: 0
  m_Script: {fileID: 11500000, guid: c919556ecff106447bcea53ba3930d75, type: 3}
  m_Name: 
  m_EditorClassIdentifier: 
--- !u!114 &346504208957265050
MonoBehaviour:
  m_ObjectHideFlags: 0
  m_CorrespondingSourceObject: {fileID: 0}
  m_PrefabInstance: {fileID: 0}
  m_PrefabAsset: {fileID: 0}
  m_GameObject: {fileID: 2479793731891363969}
  m_Enabled: 1
  m_EditorHideFlags: 0
  m_Script: {fileID: 11500000, guid: c919556ecff106447bcea53ba3930d75, type: 3}
  m_Name: 
  m_EditorClassIdentifier: 
--- !u!1 &2479793732347957186
GameObject:
  m_ObjectHideFlags: 0
  m_CorrespondingSourceObject: {fileID: 0}
  m_PrefabInstance: {fileID: 0}
  m_PrefabAsset: {fileID: 0}
  serializedVersion: 6
  m_Component:
  - component: {fileID: 2479793732347957189}
  m_Layer: 0
  m_Name: BackPack
  m_TagString: Untagged
  m_Icon: {fileID: 0}
  m_NavMeshLayer: 0
  m_StaticEditorFlags: 0
  m_IsActive: 1
--- !u!4 &2479793732347957189
Transform:
  m_ObjectHideFlags: 0
  m_CorrespondingSourceObject: {fileID: 0}
  m_PrefabInstance: {fileID: 0}
  m_PrefabAsset: {fileID: 0}
  m_GameObject: {fileID: 2479793732347957186}
  m_LocalRotation: {x: 0, y: 0, z: 0, w: 1}
  m_LocalPosition: {x: 0, y: 0, z: 0}
  m_LocalScale: {x: 1, y: 1, z: 1}
  m_Children: []
  m_Father: {fileID: 9058680483657612476}
  m_RootOrder: 1
  m_LocalEulerAnglesHint: {x: 0, y: 0, z: 0}
--- !u!114 &2479793732890712365
MonoBehaviour:
  m_ObjectHideFlags: 0
  m_CorrespondingSourceObject: {fileID: 0}
  m_PrefabInstance: {fileID: 0}
  m_PrefabAsset: {fileID: 0}
  m_GameObject: {fileID: 2480503717928172694}
  m_Enabled: 1
  m_EditorHideFlags: 0
  m_Script: {fileID: 11500000, guid: 4c22f6ff6b6694c438f1573d14e208ef, type: 3}
  m_Name: 
  m_EditorClassIdentifier: 
  WSO: {fileID: 11400000, guid: db3f78cc9bf2e6649acc1153cebcdbfa, type: 2}
--- !u!1 &4634240374709354056
GameObject:
  m_ObjectHideFlags: 0
  m_CorrespondingSourceObject: {fileID: 0}
  m_PrefabInstance: {fileID: 0}
  m_PrefabAsset: {fileID: 0}
  serializedVersion: 6
  m_Component:
  - component: {fileID: 3917272180587616158}
  - component: {fileID: 7883590355127709939}
  - component: {fileID: 645242751}
  m_Layer: 0
  m_Name: PickUpItemsCollider
  m_TagString: Untagged
  m_Icon: {fileID: 0}
  m_NavMeshLayer: 0
  m_StaticEditorFlags: 0
  m_IsActive: 1
--- !u!4 &3917272180587616158
Transform:
  m_ObjectHideFlags: 0
  m_CorrespondingSourceObject: {fileID: 0}
  m_PrefabInstance: {fileID: 0}
  m_PrefabAsset: {fileID: 0}
  m_GameObject: {fileID: 4634240374709354056}
  m_LocalRotation: {x: 0, y: 0, z: 0, w: 1}
  m_LocalPosition: {x: 0, y: 0, z: 0}
  m_LocalScale: {x: 1, y: 1, z: 1}
  m_Children: []
  m_Father: {fileID: 9058680483657612476}
  m_RootOrder: 7
  m_LocalEulerAnglesHint: {x: 0, y: 0, z: 0}
--- !u!136 &7883590355127709939
CapsuleCollider:
  m_ObjectHideFlags: 0
  m_CorrespondingSourceObject: {fileID: 0}
  m_PrefabInstance: {fileID: 0}
  m_PrefabAsset: {fileID: 0}
  m_GameObject: {fileID: 4634240374709354056}
  m_Material: {fileID: 0}
  m_IsTrigger: 1
  m_Enabled: 0
  m_Radius: 1.5212414
  m_Height: 3.9982762
  m_Direction: 1
  m_Center: {x: 0.000000007768035, y: 0, z: 1.0212326}
--- !u!114 &645242751
MonoBehaviour:
  m_ObjectHideFlags: 0
  m_CorrespondingSourceObject: {fileID: 0}
  m_PrefabInstance: {fileID: 0}
  m_PrefabAsset: {fileID: 0}
  m_GameObject: {fileID: 4634240374709354056}
  m_Enabled: 1
  m_EditorHideFlags: 0
  m_Script: {fileID: 11500000, guid: e64ec045fbf660f4083f988db203a631, type: 3}
  m_Name: 
  m_EditorClassIdentifier: 
--- !u!1 &9058680483657506972
GameObject:
  m_ObjectHideFlags: 0
  m_CorrespondingSourceObject: {fileID: 0}
  m_PrefabInstance: {fileID: 0}
  m_PrefabAsset: {fileID: 0}
  serializedVersion: 6
  m_Component:
  - component: {fileID: 9058680483657612476}
  - component: {fileID: 9058680483670447452}
  - component: {fileID: 9058680483663517052}
  - component: {fileID: 9058680483660429692}
  - component: {fileID: 2479793730990622048}
  - component: {fileID: 2479793730990622051}
  - component: {fileID: 2479793731013775819}
  - component: {fileID: 6600047349134060050}
  - component: {fileID: 2479793731240508120}
  - component: {fileID: 2479793731240502562}
  - component: {fileID: 2479793731240502564}
  - component: {fileID: 2479793731240502563}
  - component: {fileID: 2479793732551510873}
  - component: {fileID: 3027839936806837819}
  m_Layer: 0
  m_Name: FPSController 1
  m_TagString: Player
  m_Icon: {fileID: 0}
  m_NavMeshLayer: 0
  m_StaticEditorFlags: 0
  m_IsActive: 1
--- !u!4 &9058680483657612476
Transform:
  m_ObjectHideFlags: 0
  m_CorrespondingSourceObject: {fileID: 0}
  m_PrefabInstance: {fileID: 0}
  m_PrefabAsset: {fileID: 0}
  m_GameObject: {fileID: 9058680483657506972}
  m_LocalRotation: {x: 0, y: 0.7437518, z: 0, w: 0.6684559}
  m_LocalPosition: {x: 651.1, y: 18.3, z: 510.71}
  m_LocalScale: {x: 1, y: 1, z: 1}
  m_Children:
  - {fileID: 9058680483657612478}
  - {fileID: 2479793732347957189}
  - {fileID: 2479793731696680130}
  - {fileID: 2479793731814304008}
  - {fileID: 2479793731891363970}
  - {fileID: 610936438}
  - {fileID: 645242749}
  - {fileID: 3917272180587616158}
  m_Father: {fileID: 0}
  m_RootOrder: 0
  m_LocalEulerAnglesHint: {x: 0, y: 96.104004, z: 0}
--- !u!143 &9058680483670447452
CharacterController:
  m_ObjectHideFlags: 0
  m_CorrespondingSourceObject: {fileID: 0}
  m_PrefabInstance: {fileID: 0}
  m_PrefabAsset: {fileID: 0}
  m_GameObject: {fileID: 9058680483657506972}
  m_Material: {fileID: 0}
  m_IsTrigger: 0
  m_Enabled: 1
  serializedVersion: 2
  m_Height: 2
  m_Radius: 0.4
  m_SlopeLimit: 45
  m_StepOffset: 0.3
  m_SkinWidth: 0.08
  m_MinMoveDistance: 0
  m_Center: {x: 0, y: 0, z: 0}
--- !u!114 &9058680483663517052
MonoBehaviour:
  m_ObjectHideFlags: 0
  m_CorrespondingSourceObject: {fileID: 0}
  m_PrefabInstance: {fileID: 0}
  m_PrefabAsset: {fileID: 0}
  m_GameObject: {fileID: 9058680483657506972}
  m_Enabled: 1
  m_EditorHideFlags: 0
  m_Script: {fileID: 11500000, guid: 05ec5cf00ca181d45a42ba1870e148c3, type: 3}
  m_Name: 
  m_EditorClassIdentifier: 
  m_IsWalking: 0
  m_IsStealth: 0
  m_WalkSpeed: 3.5
  m_StealthSpeed: 1
  m_RunSpeed: 10
  m_RunstepLenghten: 0.7
  m_JumpSpeed: 10
  m_StickToGroundForce: 10
  m_GravityMultiplier: 4
  m_MouseLook:
    XSensitivity: 2
    YSensitivity: 2
    clampVerticalRotation: 1
    MinimumX: -90
    MaximumX: 90
    smooth: 0
    smoothTime: 5
    lockCursor: 1
  m_UseFovKick: 1
  m_FovKick:
    Camera: {fileID: 0}
    originalFov: 0
    FOVIncrease: 3
    TimeToIncrease: 1
    TimeToDecrease: 1
    IncreaseCurve:
      serializedVersion: 2
      m_Curve:
      - serializedVersion: 3
        time: 0
        value: 0
        inSlope: 0
        outSlope: 0
        tangentMode: 0
        weightedMode: 0
        inWeight: 0.33333334
        outWeight: 0.33333334
      - serializedVersion: 3
        time: 1
        value: 1
        inSlope: 2
        outSlope: 2
        tangentMode: 0
        weightedMode: 0
        inWeight: 0.33333334
        outWeight: 0.33333334
      m_PreInfinity: 2
      m_PostInfinity: 2
      m_RotationOrder: 4
  m_UseHeadBob: 1
  m_HeadBob:
    HorizontalBobRange: 0.1
    VerticalBobRange: 0.1
    Bobcurve:
      serializedVersion: 2
      m_Curve:
      - serializedVersion: 3
        time: 0
        value: 0
        inSlope: 0
        outSlope: 0
        tangentMode: 0
        weightedMode: 0
        inWeight: 0.33333334
        outWeight: 0.33333334
      - serializedVersion: 3
        time: 0.5
        value: 1
        inSlope: 0
        outSlope: 0
        tangentMode: 0
        weightedMode: 0
        inWeight: 0.33333334
        outWeight: 0.33333334
      - serializedVersion: 3
        time: 1
        value: 0
        inSlope: 0
        outSlope: 0
        tangentMode: 0
        weightedMode: 0
        inWeight: 0.33333334
        outWeight: 0.33333334
      - serializedVersion: 3
        time: 1.5
        value: -1
        inSlope: 0
        outSlope: 0
        tangentMode: 0
        weightedMode: 0
        inWeight: 0.33333334
        outWeight: 0.33333334
      - serializedVersion: 3
        time: 2
        value: 0
        inSlope: 0
        outSlope: 0
        tangentMode: 0
        weightedMode: 0
        inWeight: 0.33333334
        outWeight: 0.33333334
      m_PreInfinity: 2
      m_PostInfinity: 2
      m_RotationOrder: 4
    VerticaltoHorizontalRatio: 2
  m_JumpBob:
    BobDuration: 0.2
    BobAmount: 0.1
  m_StepInterval: 5
  m_FootstepSounds:
  - {fileID: 8300000, guid: 42e65e088b3f4374e851b8dbd38f3df9, type: 3}
  - {fileID: 8300000, guid: 8bc94ec6ed537e743b481638bdcd503d, type: 3}
  m_JumpSound: {fileID: 8300000, guid: 5897aeed9b676024fbb8c694b421a861, type: 3}
  m_LandSound: {fileID: 8300000, guid: 3b09d59f4499d45428baa7a21e954296, type: 3}
  pause: {fileID: 0}
  inventory: {fileID: 0}
  pauseControl: {fileID: 2479793731814304011}
  inventoryControl: {fileID: 125825685725658833}
--- !u!82 &9058680483660429692
AudioSource:
  m_ObjectHideFlags: 0
  m_CorrespondingSourceObject: {fileID: 0}
  m_PrefabInstance: {fileID: 0}
  m_PrefabAsset: {fileID: 0}
  m_GameObject: {fileID: 9058680483657506972}
  m_Enabled: 1
  serializedVersion: 4
  OutputAudioMixerGroup: {fileID: 0}
  m_audioClip: {fileID: 0}
  m_PlayOnAwake: 1
  m_Volume: 0.25
  m_Pitch: 1
  Loop: 0
  Mute: 0
  Spatialize: 0
  SpatializePostEffects: 0
  Priority: 128
  DopplerLevel: 1
  MinDistance: 1
  MaxDistance: 500
  Pan2D: 0
  rolloffMode: 0
  BypassEffects: 0
  BypassListenerEffects: 0
  BypassReverbZones: 0
  rolloffCustomCurve:
    serializedVersion: 2
    m_Curve:
    - serializedVersion: 3
      time: 0
      value: 1
      inSlope: 0
      outSlope: 0
      tangentMode: 0
      weightedMode: 0
      inWeight: 0.33333334
      outWeight: 0.33333334
    - serializedVersion: 3
      time: 1
      value: 0
      inSlope: 0
      outSlope: 0
      tangentMode: 0
      weightedMode: 0
      inWeight: 0.33333334
      outWeight: 0.33333334
    m_PreInfinity: 2
    m_PostInfinity: 2
    m_RotationOrder: 4
  panLevelCustomCurve:
    serializedVersion: 2
    m_Curve:
    - serializedVersion: 3
      time: 0
      value: 1
      inSlope: 0
      outSlope: 0
      tangentMode: 0
      weightedMode: 0
      inWeight: 0.33333334
      outWeight: 0.33333334
    m_PreInfinity: 2
    m_PostInfinity: 2
    m_RotationOrder: 0
  spreadCustomCurve:
    serializedVersion: 2
    m_Curve:
    - serializedVersion: 3
      time: 0
      value: 0
      inSlope: 0
      outSlope: 0
      tangentMode: 0
      weightedMode: 0
      inWeight: 0.33333334
      outWeight: 0.33333334
    m_PreInfinity: 2
    m_PostInfinity: 2
    m_RotationOrder: 4
  reverbZoneMixCustomCurve:
    serializedVersion: 2
    m_Curve:
    - serializedVersion: 3
      time: 0
      value: 1
      inSlope: 0
      outSlope: 0
      tangentMode: 0
      weightedMode: 0
      inWeight: 0.33333334
      outWeight: 0.33333334
    m_PreInfinity: 2
    m_PostInfinity: 2
    m_RotationOrder: 0
--- !u!114 &2479793730990622048
MonoBehaviour:
  m_ObjectHideFlags: 0
  m_CorrespondingSourceObject: {fileID: 0}
  m_PrefabInstance: {fileID: 0}
  m_PrefabAsset: {fileID: 0}
  m_GameObject: {fileID: 9058680483657506972}
  m_Enabled: 1
  m_EditorHideFlags: 0
  m_Script: {fileID: 11500000, guid: 5347639465591c54c8939e40a7d51a47, type: 3}
  m_Name: 
  m_EditorClassIdentifier: 
  grenade: {fileID: 1849819198618100, guid: 7bb4d6c8fb5bf05418ddfd932c1c2d35, type: 3}
  actualWeapon: 0
  isLighter: 0
--- !u!114 &2479793730990622051
MonoBehaviour:
  m_ObjectHideFlags: 0
  m_CorrespondingSourceObject: {fileID: 0}
  m_PrefabInstance: {fileID: 0}
  m_PrefabAsset: {fileID: 0}
  m_GameObject: {fileID: 9058680483657506972}
  m_Enabled: 1
  m_EditorHideFlags: 0
  m_Script: {fileID: 11500000, guid: 0660dc5b21b0c3b4babb1f51db6e3a46, type: 3}
  m_Name: 
  m_EditorClassIdentifier: 
--- !u!114 &2479793731013775819
MonoBehaviour:
  m_ObjectHideFlags: 0
  m_CorrespondingSourceObject: {fileID: 0}
  m_PrefabInstance: {fileID: 0}
  m_PrefabAsset: {fileID: 0}
  m_GameObject: {fileID: 9058680483657506972}
  m_Enabled: 1
  m_EditorHideFlags: 0
  m_Script: {fileID: 11500000, guid: 1070d60e94d66584cb38dedddae799c6, type: 3}
  m_Name: 
  m_EditorClassIdentifier: 
  StaminaBar: {fileID: 11400000, guid: 539afe003ec42c8439e237e84015b1d4, type: 2}
  pjgetHit: {fileID: 11400000, guid: 5e10a4490bfa4244e98876bf889268f1, type: 2}
  FoodBar: {fileID: 11400000, guid: f7ee672bd8177934c9d5a6a6bb0e35ec, type: 2}
  ThristBar: {fileID: 11400000, guid: e2b99a2e73bcb7a4e93eb6a55d257f3b, type: 2}
  fps: {fileID: 11400000, guid: e66ba63c23f825b46aabeabc4ed84689, type: 2}
  Alive: 0
  playerNoise: 0
  Hotbar: {fileID: 0}
  auMeHanDado: {fileID: 0}
  sleepGameObject: {fileID: 0}
--- !u!114 &6600047349134060050
MonoBehaviour:
  m_ObjectHideFlags: 0
  m_CorrespondingSourceObject: {fileID: 0}
  m_PrefabInstance: {fileID: 0}
  m_PrefabAsset: {fileID: 0}
  m_GameObject: {fileID: 9058680483657506972}
  m_Enabled: 1
  m_EditorHideFlags: 0
  m_Script: {fileID: 11500000, guid: 973149eeaad0cf54b9f86b7cb2ed2031, type: 3}
  m_Name: 
  m_EditorClassIdentifier: 
--- !u!136 &2479793731240508120
CapsuleCollider:
  m_ObjectHideFlags: 0
  m_CorrespondingSourceObject: {fileID: 0}
  m_PrefabInstance: {fileID: 0}
  m_PrefabAsset: {fileID: 0}
  m_GameObject: {fileID: 9058680483657506972}
  m_Material: {fileID: 0}
  m_IsTrigger: 0
  m_Enabled: 1
  m_Radius: 0.5
  m_Height: 2
  m_Direction: 1
  m_Center: {x: 0, y: 0, z: 0}
--- !u!23 &2479793731240502562
MeshRenderer:
  m_ObjectHideFlags: 0
  m_CorrespondingSourceObject: {fileID: 0}
  m_PrefabInstance: {fileID: 0}
  m_PrefabAsset: {fileID: 0}
  m_GameObject: {fileID: 9058680483657506972}
  m_Enabled: 1
  m_CastShadows: 1
  m_ReceiveShadows: 1
  m_DynamicOccludee: 1
  m_MotionVectors: 1
  m_LightProbeUsage: 1
  m_ReflectionProbeUsage: 1
  m_RayTracingMode: 2
  m_RenderingLayerMask: 1
  m_RendererPriority: 0
  m_Materials:
  - {fileID: 10303, guid: 0000000000000000f000000000000000, type: 0}
  m_StaticBatchInfo:
    firstSubMesh: 0
    subMeshCount: 0
  m_StaticBatchRoot: {fileID: 0}
  m_ProbeAnchor: {fileID: 0}
  m_LightProbeVolumeOverride: {fileID: 0}
  m_ScaleInLightmap: 1
  m_ReceiveGI: 1
  m_PreserveUVs: 0
  m_IgnoreNormalsForChartDetection: 0
  m_ImportantGI: 0
  m_StitchLightmapSeams: 1
  m_SelectedEditorRenderState: 3
  m_MinimumChartSize: 4
  m_AutoUVMaxDistance: 0.5
  m_AutoUVMaxAngle: 89
  m_LightmapParameters: {fileID: 0}
  m_SortingLayerID: 0
  m_SortingLayer: 0
  m_SortingOrder: 0
--- !u!33 &2479793731240502564
MeshFilter:
  m_ObjectHideFlags: 0
  m_CorrespondingSourceObject: {fileID: 0}
  m_PrefabInstance: {fileID: 0}
  m_PrefabAsset: {fileID: 0}
  m_GameObject: {fileID: 9058680483657506972}
  m_Mesh: {fileID: 10208, guid: 0000000000000000e000000000000000, type: 0}
--- !u!114 &2479793731240502563
MonoBehaviour:
  m_ObjectHideFlags: 0
  m_CorrespondingSourceObject: {fileID: 0}
  m_PrefabInstance: {fileID: 0}
  m_PrefabAsset: {fileID: 0}
  m_GameObject: {fileID: 9058680483657506972}
  m_Enabled: 1
  m_EditorHideFlags: 0
  m_Script: {fileID: 11500000, guid: 9e15636e856bec0429e338529f45b734, type: 3}
  m_Name: 
  m_EditorClassIdentifier: 
  m_actualWeapon: 0
--- !u!114 &2479793732551510873
MonoBehaviour:
  m_ObjectHideFlags: 0
  m_CorrespondingSourceObject: {fileID: 0}
  m_PrefabInstance: {fileID: 0}
  m_PrefabAsset: {fileID: 0}
  m_GameObject: {fileID: 9058680483657506972}
  m_Enabled: 1
  m_EditorHideFlags: 0
  m_Script: {fileID: 11500000, guid: 48134da7116306446a50b75959678d82, type: 3}
  m_Name: 
  m_EditorClassIdentifier: 
  iv: {fileID: 125825685725658833}
  setRecipes:
  - cr: {fileID: 11400000, guid: 82887f47c28bb6c4ca91d29ab25629af, type: 2}
    craftingItem: {fileID: 11400000, guid: b0921163e12dd5a4fa8dcc6bf82bc4d3, type: 2}
    amount: 1
    items:
    - item: {fileID: 11400000, guid: 1ea1a959e6074d44f9111225e8ff3358, type: 2}
      Amount: 3
  - cr: {fileID: 11400000, guid: c5530b2b6caa037429b7e1d7d165e21a, type: 2}
    craftingItem: {fileID: 11400000, guid: 575278efd3bef4a40b21fd7f66e609ea, type: 2}
    amount: 1
    items:
    - item: {fileID: 11400000, guid: 30106c36bd85ef34a9675212ce326a57, type: 2}
      Amount: 1
    - item: {fileID: 11400000, guid: e301da9f87778134bb2d6b986eb43d23, type: 2}
      Amount: 1
  - cr: {fileID: 11400000, guid: 89a474a4682a9fc49bf49336c675e39b, type: 2}
    craftingItem: {fileID: 11400000, guid: 43dccb4e8fa025e49bba689153707d6f, type: 2}
    amount: 2
    items:
    - item: {fileID: 11400000, guid: 30106c36bd85ef34a9675212ce326a57, type: 2}
      Amount: 1
    - item: {fileID: 11400000, guid: e9b132e5c92ac54499e3517ba1736306, type: 2}
      Amount: 1
  - cr: {fileID: 11400000, guid: 1001bfcefe8de3b40a3fd8f7d6ddd5c7, type: 2}
    craftingItem: {fileID: 11400000, guid: efa94419724185641aab7932a19d58ce, type: 2}
    amount: 1
    items:
    - item: {fileID: 11400000, guid: db6e47cd4e382744894185aadf9982d9, type: 2}
      Amount: 1
    - item: {fileID: 11400000, guid: e9b132e5c92ac54499e3517ba1736306, type: 2}
      Amount: 1
  - cr: {fileID: 11400000, guid: 82dd78d17203158488a493286bd3a2a6, type: 2}
    craftingItem: {fileID: 11400000, guid: 2c5511a51cb672647b1a228706ee435a, type: 2}
    amount: 1
    items:
    - item: {fileID: 11400000, guid: 958bedacac14c80449b8d2c448d6f1dc, type: 2}
      Amount: 1
    - item: {fileID: 11400000, guid: e9b132e5c92ac54499e3517ba1736306, type: 2}
      Amount: 1
    - item: {fileID: 11400000, guid: 30106c36bd85ef34a9675212ce326a57, type: 2}
      Amount: 1
  justRecipes:
  - {fileID: 11400000, guid: 82887f47c28bb6c4ca91d29ab25629af, type: 2}
  - {fileID: 11400000, guid: c5530b2b6caa037429b7e1d7d165e21a, type: 2}
  - {fileID: 11400000, guid: 89a474a4682a9fc49bf49336c675e39b, type: 2}
  - {fileID: 11400000, guid: 1001bfcefe8de3b40a3fd8f7d6ddd5c7, type: 2}
  - {fileID: 11400000, guid: 82dd78d17203158488a493286bd3a2a6, type: 2}
--- !u!114 &3027839936806837819
MonoBehaviour:
  m_ObjectHideFlags: 0
  m_CorrespondingSourceObject: {fileID: 0}
  m_PrefabInstance: {fileID: 0}
  m_PrefabAsset: {fileID: 0}
  m_GameObject: {fileID: 9058680483657506972}
  m_Enabled: 1
  m_EditorHideFlags: 0
  m_Script: {fileID: 11500000, guid: e9c0a447bb8eb31479f7c13aa87c198c, type: 3}
  m_Name: 
  m_EditorClassIdentifier: 
  dropeableObjects:
  - {fileID: 6515907738053716256, guid: df5df3941903e1040b0e5b557913ee19, type: 3}
  - {fileID: 2967410031247252839, guid: 348e3eec4f166af4c861d1e8643fc6e6, type: 3}
  - {fileID: 7209269154288977562, guid: 5b06cd09726c350439ea6b48b2d6b105, type: 3}
  - {fileID: 3086643699350865903, guid: 0f3c11f3260aeff449782279a2aa41f2, type: 3}
  - {fileID: 3078879762136763534, guid: 273ce1d4c20dcea4f89793d946ec29b6, type: 3}
  - {fileID: 7205098502365925464, guid: f94750518412eb74f901a9d21f9f1921, type: 3}
  - {fileID: 7133990004956527587, guid: e4ca26a5af8a1c946a11fc541f5be9a0, type: 3}
  - {fileID: 1896511010284488283, guid: 711a72e89568ac14eafa80c21bca696f, type: 3}
  - {fileID: 1838630330779739619, guid: 652c3453a979d9740b67a3b393b2e88f, type: 3}
  - {fileID: 1942132786783153011, guid: b58b227fe6cebc94ca61e240769bdcb6, type: 3}
  - {fileID: 5291460764868561682, guid: 5e5b2d57f7e2b01418f6e07ec9e1ea44, type: 3}
  clipLight: {fileID: 8300000, guid: 80c5edca01cb293438a67b3010519dfb, type: 3}
  clipDoor: {fileID: 8300000, guid: eaa425d025874df4e9048e70a0997e1e, type: 3}
  clipBox: {fileID: 8300000, guid: 88affce4f05955042ae8fc5fe5af1a33, type: 3}
  clipr: {fileID: 0}
--- !u!1 &9058680483657506974
GameObject:
  m_ObjectHideFlags: 0
  m_CorrespondingSourceObject: {fileID: 0}
  m_PrefabInstance: {fileID: 0}
  m_PrefabAsset: {fileID: 0}
  serializedVersion: 6
  m_Component:
  - component: {fileID: 9058680483657612478}
  - component: {fileID: 9058680483658097340}
  - component: {fileID: 9058680483660005020}
  - component: {fileID: 9058680483664408794}
  - component: {fileID: 2479793731177349024}
  - component: {fileID: 2479793731186667973}
  - component: {fileID: 2479793731186667972}
  - component: {fileID: 2102152646}
  m_Layer: 0
  m_Name: FirstPersonCharacter
  m_TagString: MainCamera
  m_Icon: {fileID: 0}
  m_NavMeshLayer: 0
  m_StaticEditorFlags: 0
  m_IsActive: 1
--- !u!4 &9058680483657612478
Transform:
  m_ObjectHideFlags: 0
  m_CorrespondingSourceObject: {fileID: 0}
  m_PrefabInstance: {fileID: 0}
  m_PrefabAsset: {fileID: 0}
  m_GameObject: {fileID: 9058680483657506974}
  m_LocalRotation: {x: 0, y: 0, z: 0, w: 1}
  m_LocalPosition: {x: 0, y: 0.8, z: 0}
  m_LocalScale: {x: 1, y: 1, z: 1}
  m_Children:
  - {fileID: 2484291331813810916}
  m_Father: {fileID: 9058680483657612476}
  m_RootOrder: 0
  m_LocalEulerAnglesHint: {x: 0, y: 0, z: 0}
--- !u!20 &9058680483658097340
Camera:
  m_ObjectHideFlags: 0
  m_CorrespondingSourceObject: {fileID: 0}
  m_PrefabInstance: {fileID: 0}
  m_PrefabAsset: {fileID: 0}
  m_GameObject: {fileID: 9058680483657506974}
  m_Enabled: 1
  serializedVersion: 2
  m_ClearFlags: 1
  m_BackGroundColor: {r: 0.19215687, g: 0.3019608, b: 0.4745098, a: 0.019607844}
  m_projectionMatrixMode: 1
  m_GateFitMode: 2
  m_FOVAxisMode: 0
  m_SensorSize: {x: 36, y: 24}
  m_LensShift: {x: 0, y: 0}
  m_FocalLength: 50
  m_NormalizedViewPortRect:
    serializedVersion: 2
    x: 0
    y: 0
    width: 1
    height: 1
  near clip plane: 0.1
  far clip plane: 700
  field of view: 60
  orthographic: 0
  orthographic size: 5
  m_Depth: 0
  m_CullingMask:
    serializedVersion: 2
    m_Bits: 4294967295
  m_RenderingPath: 3
  m_TargetTexture: {fileID: 0}
  m_TargetDisplay: 0
  m_TargetEye: 3
  m_HDR: 1
  m_AllowMSAA: 1
  m_AllowDynamicResolution: 0
  m_ForceIntoRT: 0
  m_OcclusionCulling: 1
  m_StereoConvergence: 10
  m_StereoSeparation: 0.022
--- !u!81 &9058680483660005020
AudioListener:
  m_ObjectHideFlags: 0
  m_CorrespondingSourceObject: {fileID: 0}
  m_PrefabInstance: {fileID: 0}
  m_PrefabAsset: {fileID: 0}
  m_GameObject: {fileID: 9058680483657506974}
  m_Enabled: 1
--- !u!124 &9058680483664408794
Behaviour:
  m_ObjectHideFlags: 0
  m_CorrespondingSourceObject: {fileID: 0}
  m_PrefabInstance: {fileID: 0}
  m_PrefabAsset: {fileID: 0}
  m_GameObject: {fileID: 9058680483657506974}
  m_Enabled: 1
--- !u!114 &2479793731177349024
MonoBehaviour:
  m_ObjectHideFlags: 0
  m_CorrespondingSourceObject: {fileID: 0}
  m_PrefabInstance: {fileID: 0}
  m_PrefabAsset: {fileID: 0}
  m_GameObject: {fileID: 9058680483657506974}
  m_Enabled: 1
  m_EditorHideFlags: 0
  m_Script: {fileID: 11500000, guid: ff26db721962cdf4a8edcdfa9a767d2a, type: 3}
  m_Name: 
  m_EditorClassIdentifier: 
  profile: {fileID: 11400000, guid: 29ac70c6bc481c64fb76807cbc16dc82, type: 2}
--- !u!135 &2479793731186667973
SphereCollider:
  m_ObjectHideFlags: 0
  m_CorrespondingSourceObject: {fileID: 0}
  m_PrefabInstance: {fileID: 0}
  m_PrefabAsset: {fileID: 0}
  m_GameObject: {fileID: 9058680483657506974}
  m_Material: {fileID: 0}
  m_IsTrigger: 1
  m_Enabled: 0
  serializedVersion: 2
  m_Radius: 0.6619055
  m_Center: {x: 0.009900741, y: -0.44076398, z: 0.9074346}
--- !u!114 &2479793731186667972
MonoBehaviour:
  m_ObjectHideFlags: 0
  m_CorrespondingSourceObject: {fileID: 0}
  m_PrefabInstance: {fileID: 0}
  m_PrefabAsset: {fileID: 0}
  m_GameObject: {fileID: 9058680483657506974}
  m_Enabled: 1
  m_EditorHideFlags: 0
  m_Script: {fileID: 11500000, guid: e46c82b276b1c8445ad1ee4ed3303456, type: 3}
  m_Name: 
  m_EditorClassIdentifier: 
--- !u!54 &2102152646
Rigidbody:
  m_ObjectHideFlags: 0
  m_CorrespondingSourceObject: {fileID: 0}
  m_PrefabInstance: {fileID: 0}
  m_PrefabAsset: {fileID: 0}
  m_GameObject: {fileID: 9058680483657506974}
  serializedVersion: 2
  m_Mass: 1
  m_Drag: 0
  m_AngularDrag: 0.05
  m_UseGravity: 0
  m_IsKinematic: 0
  m_Interpolate: 0
  m_Constraints: 0
  m_CollisionDetection: 0
--- !u!1001 &2479793733013341240
PrefabInstance:
  m_ObjectHideFlags: 0
  serializedVersion: 2
  m_Modification:
    m_TransformParent: {fileID: 9058680483657612478}
    m_Modifications:
    - target: {fileID: 1543438502000814, guid: e73d4027c247ceb449169b8b039345cc, type: 3}
      propertyPath: m_Name
      value: Hands_Without_Weapon
      objectReference: {fileID: 0}
    - target: {fileID: 1543438502000814, guid: e73d4027c247ceb449169b8b039345cc, type: 3}
      propertyPath: m_IsActive
      value: 1
      objectReference: {fileID: 0}
    - target: {fileID: 4510811747264220, guid: e73d4027c247ceb449169b8b039345cc, type: 3}
      propertyPath: m_RootOrder
      value: 0
      objectReference: {fileID: 0}
    - target: {fileID: 4510811747264220, guid: e73d4027c247ceb449169b8b039345cc, type: 3}
      propertyPath: m_LocalPosition.x
      value: 0
      objectReference: {fileID: 0}
    - target: {fileID: 4510811747264220, guid: e73d4027c247ceb449169b8b039345cc, type: 3}
      propertyPath: m_LocalPosition.y
      value: -1.787
      objectReference: {fileID: 0}
    - target: {fileID: 4510811747264220, guid: e73d4027c247ceb449169b8b039345cc, type: 3}
      propertyPath: m_LocalPosition.z
      value: 0
      objectReference: {fileID: 0}
    - target: {fileID: 4510811747264220, guid: e73d4027c247ceb449169b8b039345cc, type: 3}
      propertyPath: m_LocalRotation.w
      value: 1
      objectReference: {fileID: 0}
    - target: {fileID: 4510811747264220, guid: e73d4027c247ceb449169b8b039345cc, type: 3}
      propertyPath: m_LocalRotation.x
      value: 0
      objectReference: {fileID: 0}
    - target: {fileID: 4510811747264220, guid: e73d4027c247ceb449169b8b039345cc, type: 3}
      propertyPath: m_LocalRotation.y
      value: 0
      objectReference: {fileID: 0}
    - target: {fileID: 4510811747264220, guid: e73d4027c247ceb449169b8b039345cc, type: 3}
      propertyPath: m_LocalRotation.z
      value: 0
      objectReference: {fileID: 0}
    - target: {fileID: 4510811747264220, guid: e73d4027c247ceb449169b8b039345cc, type: 3}
      propertyPath: m_LocalEulerAnglesHint.x
      value: 0
      objectReference: {fileID: 0}
    - target: {fileID: 4510811747264220, guid: e73d4027c247ceb449169b8b039345cc, type: 3}
      propertyPath: m_LocalEulerAnglesHint.y
      value: 0
      objectReference: {fileID: 0}
    - target: {fileID: 4510811747264220, guid: e73d4027c247ceb449169b8b039345cc, type: 3}
      propertyPath: m_LocalEulerAnglesHint.z
      value: 0
      objectReference: {fileID: 0}
    - target: {fileID: 137482480371964666, guid: e73d4027c247ceb449169b8b039345cc,
        type: 3}
      propertyPath: m_Materials.Array.data[0]
      value: 
      objectReference: {fileID: 2100000, guid: 313071541389d794199ff93cdc42c7ae, type: 2}
    - target: {fileID: 137919051853580158, guid: e73d4027c247ceb449169b8b039345cc,
        type: 3}
      propertyPath: m_Materials.Array.data[0]
      value: 
      objectReference: {fileID: 2100000, guid: 313071541389d794199ff93cdc42c7ae, type: 2}
    m_RemovedComponents: []
  m_SourcePrefab: {fileID: 100100000, guid: e73d4027c247ceb449169b8b039345cc, type: 3}
--- !u!4 &2484291331813810916 stripped
Transform:
  m_CorrespondingSourceObject: {fileID: 4510811747264220, guid: e73d4027c247ceb449169b8b039345cc,
    type: 3}
  m_PrefabInstance: {fileID: 2479793733013341240}
  m_PrefabAsset: {fileID: 0}
--- !u!1 &2480503717928172694 stripped
GameObject:
  m_CorrespondingSourceObject: {fileID: 1543438502000814, guid: e73d4027c247ceb449169b8b039345cc,
    type: 3}
  m_PrefabInstance: {fileID: 2479793733013341240}
  m_PrefabAsset: {fileID: 0}
