%YAML 1.1
%TAG !u! tag:unity3d.com,2011:
--- !u!1 &1844218233
GameObject:
  m_ObjectHideFlags: 0
  m_CorrespondingSourceObject: {fileID: 0}
  m_PrefabInstance: {fileID: 0}
  m_PrefabAsset: {fileID: 0}
  serializedVersion: 6
  m_Component:
  - component: {fileID: 1844218234}
  - component: {fileID: 1844218236}
  - component: {fileID: 1844218235}
  - component: {fileID: 1844218237}
  m_Layer: 5
  m_Name: _GUI
  m_TagString: Untagged
  m_Icon: {fileID: 0}
  m_NavMeshLayer: 0
  m_StaticEditorFlags: 0
  m_IsActive: 1
--- !u!224 &1844218234
RectTransform:
  m_ObjectHideFlags: 0
  m_CorrespondingSourceObject: {fileID: 0}
  m_PrefabInstance: {fileID: 0}
  m_PrefabAsset: {fileID: 0}
  m_GameObject: {fileID: 1844218233}
  m_LocalRotation: {x: -0, y: -0, z: -0, w: 1}
  m_LocalPosition: {x: 0, y: 0, z: 0}
  m_LocalScale: {x: 1.2232417, y: 1.2232417, z: 1.2232417}
  m_Children: []
  m_Father: {fileID: 2111026205758309827}
  m_RootOrder: 5
  m_LocalEulerAnglesHint: {x: 0, y: 0, z: 0}
  m_AnchorMin: {x: 0.5, y: 0}
  m_AnchorMax: {x: 0.5, y: 0}
  m_AnchoredPosition: {x: 0, y: -99.61015}
  m_SizeDelta: {x: 200, y: 30}
  m_Pivot: {x: 0.5, y: 0.5}
--- !u!222 &1844218236
CanvasRenderer:
  m_ObjectHideFlags: 0
  m_CorrespondingSourceObject: {fileID: 0}
  m_PrefabInstance: {fileID: 0}
  m_PrefabAsset: {fileID: 0}
  m_GameObject: {fileID: 1844218233}
  m_CullTransparentMesh: 0
--- !u!114 &1844218235
MonoBehaviour:
  m_ObjectHideFlags: 0
  m_CorrespondingSourceObject: {fileID: 0}
  m_PrefabInstance: {fileID: 0}
  m_PrefabAsset: {fileID: 0}
  m_GameObject: {fileID: 1844218233}
  m_Enabled: 1
  m_EditorHideFlags: 0
  m_Script: {fileID: 11500000, guid: 5f7201a12d95ffc409449d95f23cf332, type: 3}
  m_Name: 
  m_EditorClassIdentifier: 
  m_Material: {fileID: 0}
  m_Color: {r: 0.5588235, g: 0.5588235, b: 0.5588235, a: 1}
  m_RaycastTarget: 0
  m_Maskable: 1
  m_OnCullStateChanged:
    m_PersistentCalls:
      m_Calls: []
  m_FontData:
    m_Font: {fileID: 10102, guid: 0000000000000000e000000000000000, type: 0}
    m_FontSize: 12
    m_FontStyle: 0
    m_BestFit: 0
    m_MinSize: 10
    m_MaxSize: 14
    m_Alignment: 7
    m_AlignByGeometry: 0
    m_RichText: 0
    m_HorizontalOverflow: 0
    m_VerticalOverflow: 0
    m_LineSpacing: 1
  m_Text: 'W/A/S/D to move

    Press E to action'
--- !u!114 &1844218237
MonoBehaviour:
  m_ObjectHideFlags: 0
  m_CorrespondingSourceObject: {fileID: 0}
  m_PrefabInstance: {fileID: 0}
  m_PrefabAsset: {fileID: 0}
  m_GameObject: {fileID: 1844218233}
  m_Enabled: 1
  m_EditorHideFlags: 0
  m_Script: {fileID: 11500000, guid: f2ecb4ccf902edd4b80c90dd196a09eb, type: 3}
  m_Name: 
  m_EditorClassIdentifier: 
--- !u!1 &2111026205473893996
GameObject:
  m_ObjectHideFlags: 0
  m_CorrespondingSourceObject: {fileID: 0}
  m_PrefabInstance: {fileID: 0}
  m_PrefabAsset: {fileID: 0}
  serializedVersion: 6
  m_Component:
  - component: {fileID: 2111026205473893995}
  - component: {fileID: 2111026205473893994}
  m_Layer: 5
  m_Name: crosshair
  m_TagString: Untagged
  m_Icon: {fileID: 0}
  m_NavMeshLayer: 0
  m_StaticEditorFlags: 0
  m_IsActive: 1
--- !u!224 &2111026205473893995
RectTransform:
  m_ObjectHideFlags: 0
  m_CorrespondingSourceObject: {fileID: 0}
  m_PrefabInstance: {fileID: 0}
  m_PrefabAsset: {fileID: 0}
  m_GameObject: {fileID: 2111026205473893996}
  m_LocalRotation: {x: -0, y: -0, z: -0, w: 1}
  m_LocalPosition: {x: 0, y: 0, z: 0}
  m_LocalScale: {x: 1, y: 1, z: 1}
  m_Children: []
  m_Father: {fileID: 2111026205758309827}
  m_RootOrder: 2
  m_LocalEulerAnglesHint: {x: 0, y: 0, z: 0}
  m_AnchorMin: {x: 0.5, y: 0.5}
  m_AnchorMax: {x: 0.5, y: 0.5}
  m_AnchoredPosition: {x: 0, y: 0}
  m_SizeDelta: {x: 100, y: 100}
  m_Pivot: {x: 0.5, y: 0.5}
--- !u!114 &2111026205473893994
MonoBehaviour:
  m_ObjectHideFlags: 0
  m_CorrespondingSourceObject: {fileID: 0}
  m_PrefabInstance: {fileID: 0}
  m_PrefabAsset: {fileID: 0}
  m_GameObject: {fileID: 2111026205473893996}
  m_Enabled: 1
  m_EditorHideFlags: 0
  m_Script: {fileID: 11500000, guid: 119f78a6fbe9d694aa3fe355b8f11a90, type: 3}
  m_Name: 
  m_EditorClassIdentifier: 
  altura: 10
  anchura: 2
  defaultMov: 10
  color: {r: 0.5, g: 0.5, b: 0.5, a: 1}
  redimension: 0
  resizedMov: 20
  resizeVel: 3
  settings: {fileID: 11400000, guid: ebcb6a6cb317c024d9855f740d3b3aad, type: 2}
--- !u!1 &2111026205758309828
GameObject:
  m_ObjectHideFlags: 0
  m_CorrespondingSourceObject: {fileID: 0}
  m_PrefabInstance: {fileID: 0}
  m_PrefabAsset: {fileID: 0}
  serializedVersion: 6
  m_Component:
  - component: {fileID: 2111026205758309827}
  m_Layer: 5
  m_Name: HUDpj
  m_TagString: Untagged
  m_Icon: {fileID: 0}
  m_NavMeshLayer: 0
  m_StaticEditorFlags: 0
  m_IsActive: 1
--- !u!224 &2111026205758309827
RectTransform:
  m_ObjectHideFlags: 0
  m_CorrespondingSourceObject: {fileID: 0}
  m_PrefabInstance: {fileID: 0}
  m_PrefabAsset: {fileID: 0}
  m_GameObject: {fileID: 2111026205758309828}
  m_LocalRotation: {x: 0, y: 0, z: 0, w: 1}
  m_LocalPosition: {x: 0, y: 0, z: 0}
  m_LocalScale: {x: 1, y: 1, z: 1}
  m_Children:
  - {fileID: 2111026205464628721}
  - {fileID: 2111026205799930069}
  - {fileID: 2111026205473893995}
  - {fileID: 6370945343055796277}
  - {fileID: 5528530779454556547}
  - {fileID: 1844218234}
  - {fileID: 2111026205714516109}
  m_Father: {fileID: 0}
  m_RootOrder: 0
  m_LocalEulerAnglesHint: {x: 0, y: 0, z: 0}
  m_AnchorMin: {x: 0.5, y: 0.5}
  m_AnchorMax: {x: 0.5, y: 0.5}
  m_AnchoredPosition: {x: 0, y: 0}
  m_SizeDelta: {x: 100, y: 100}
  m_Pivot: {x: 0.5, y: 0.5}
--- !u!1 &8144002765034738783
GameObject:
  m_ObjectHideFlags: 0
  m_CorrespondingSourceObject: {fileID: 0}
  m_PrefabInstance: {fileID: 0}
  m_PrefabAsset: {fileID: 0}
  serializedVersion: 6
  m_Component:
  - component: {fileID: 5528530779454556547}
  m_Layer: 5
  m_Name: GameObject
  m_TagString: Untagged
  m_Icon: {fileID: 0}
  m_NavMeshLayer: 0
  m_StaticEditorFlags: 0
  m_IsActive: 1
--- !u!224 &5528530779454556547
RectTransform:
  m_ObjectHideFlags: 0
  m_CorrespondingSourceObject: {fileID: 0}
  m_PrefabInstance: {fileID: 0}
  m_PrefabAsset: {fileID: 0}
  m_GameObject: {fileID: 8144002765034738783}
  m_LocalRotation: {x: 0, y: 0, z: 0, w: 1}
  m_LocalPosition: {x: 0, y: 0, z: 0}
  m_LocalScale: {x: 1, y: 1, z: 1}
  m_Children: []
  m_Father: {fileID: 2111026205758309827}
  m_RootOrder: 4
  m_LocalEulerAnglesHint: {x: 0, y: 0, z: 0}
  m_AnchorMin: {x: 0.5, y: 0.5}
  m_AnchorMax: {x: 0.5, y: 0.5}
  m_AnchoredPosition: {x: 0, y: 0}
  m_SizeDelta: {x: 100, y: 100}
  m_Pivot: {x: 0.5, y: 0.5}
--- !u!1001 &2111026205549999221
PrefabInstance:
  m_ObjectHideFlags: 0
  serializedVersion: 2
  m_Modification:
    m_TransformParent: {fileID: 2111026205758309827}
    m_Modifications:
    - target: {fileID: 1753826974, guid: 0eff827b703210c45a414887e5c2d0d8, type: 3}
      propertyPath: Response.m_PersistentCalls.m_Calls.Array.data[0].m_Target
      value: 
      objectReference: {fileID: 2111026206228902634}
    - target: {fileID: 1753826974, guid: 0eff827b703210c45a414887e5c2d0d8, type: 3}
      propertyPath: Response.m_PersistentCalls.m_Calls.Array.data[0].m_MethodName
      value: UpdateHealth
      objectReference: {fileID: 0}
    - target: {fileID: 4981537741730715974, guid: 0eff827b703210c45a414887e5c2d0d8,
        type: 3}
      propertyPath: m_FillAmount
      value: 0.228
      objectReference: {fileID: 0}
    - target: {fileID: 4981537742033529920, guid: 0eff827b703210c45a414887e5c2d0d8,
        type: 3}
      propertyPath: m_Pivot.x
      value: 0.5
      objectReference: {fileID: 0}
    - target: {fileID: 4981537742033529920, guid: 0eff827b703210c45a414887e5c2d0d8,
        type: 3}
      propertyPath: m_Pivot.y
      value: 0.5
      objectReference: {fileID: 0}
    - target: {fileID: 4981537742033529920, guid: 0eff827b703210c45a414887e5c2d0d8,
        type: 3}
      propertyPath: m_RootOrder
      value: 3
      objectReference: {fileID: 0}
    - target: {fileID: 4981537742033529920, guid: 0eff827b703210c45a414887e5c2d0d8,
        type: 3}
      propertyPath: m_AnchorMax.x
      value: 0.5
      objectReference: {fileID: 0}
    - target: {fileID: 4981537742033529920, guid: 0eff827b703210c45a414887e5c2d0d8,
        type: 3}
      propertyPath: m_AnchorMax.y
      value: 0.5
      objectReference: {fileID: 0}
    - target: {fileID: 4981537742033529920, guid: 0eff827b703210c45a414887e5c2d0d8,
        type: 3}
      propertyPath: m_AnchorMin.x
      value: 0.5
      objectReference: {fileID: 0}
    - target: {fileID: 4981537742033529920, guid: 0eff827b703210c45a414887e5c2d0d8,
        type: 3}
      propertyPath: m_AnchorMin.y
      value: 0.5
      objectReference: {fileID: 0}
    - target: {fileID: 4981537742033529920, guid: 0eff827b703210c45a414887e5c2d0d8,
        type: 3}
      propertyPath: m_SizeDelta.x
      value: 100
      objectReference: {fileID: 0}
    - target: {fileID: 4981537742033529920, guid: 0eff827b703210c45a414887e5c2d0d8,
        type: 3}
      propertyPath: m_SizeDelta.y
      value: 100
      objectReference: {fileID: 0}
    - target: {fileID: 4981537742033529920, guid: 0eff827b703210c45a414887e5c2d0d8,
        type: 3}
      propertyPath: m_LocalPosition.x
      value: 0
      objectReference: {fileID: 0}
    - target: {fileID: 4981537742033529920, guid: 0eff827b703210c45a414887e5c2d0d8,
        type: 3}
      propertyPath: m_LocalPosition.y
      value: 0
      objectReference: {fileID: 0}
    - target: {fileID: 4981537742033529920, guid: 0eff827b703210c45a414887e5c2d0d8,
        type: 3}
      propertyPath: m_LocalPosition.z
      value: 0
      objectReference: {fileID: 0}
    - target: {fileID: 4981537742033529920, guid: 0eff827b703210c45a414887e5c2d0d8,
        type: 3}
      propertyPath: m_LocalRotation.w
      value: 1
      objectReference: {fileID: 0}
    - target: {fileID: 4981537742033529920, guid: 0eff827b703210c45a414887e5c2d0d8,
        type: 3}
      propertyPath: m_LocalRotation.x
      value: -0
      objectReference: {fileID: 0}
    - target: {fileID: 4981537742033529920, guid: 0eff827b703210c45a414887e5c2d0d8,
        type: 3}
      propertyPath: m_LocalRotation.y
      value: -0
      objectReference: {fileID: 0}
    - target: {fileID: 4981537742033529920, guid: 0eff827b703210c45a414887e5c2d0d8,
        type: 3}
      propertyPath: m_LocalRotation.z
      value: -0
      objectReference: {fileID: 0}
    - target: {fileID: 4981537742033529920, guid: 0eff827b703210c45a414887e5c2d0d8,
        type: 3}
      propertyPath: m_AnchoredPosition.x
      value: 262.6
      objectReference: {fileID: 0}
    - target: {fileID: 4981537742033529920, guid: 0eff827b703210c45a414887e5c2d0d8,
        type: 3}
      propertyPath: m_AnchoredPosition.y
      value: -189.6
      objectReference: {fileID: 0}
    - target: {fileID: 4981537742033529920, guid: 0eff827b703210c45a414887e5c2d0d8,
        type: 3}
      propertyPath: m_LocalEulerAnglesHint.x
      value: 0
      objectReference: {fileID: 0}
    - target: {fileID: 4981537742033529920, guid: 0eff827b703210c45a414887e5c2d0d8,
        type: 3}
      propertyPath: m_LocalEulerAnglesHint.y
      value: 0
      objectReference: {fileID: 0}
    - target: {fileID: 4981537742033529920, guid: 0eff827b703210c45a414887e5c2d0d8,
        type: 3}
      propertyPath: m_LocalEulerAnglesHint.z
      value: 0
      objectReference: {fileID: 0}
    - target: {fileID: 4981537742033529923, guid: 0eff827b703210c45a414887e5c2d0d8,
        type: 3}
      propertyPath: m_Name
      value: Iconos
      objectReference: {fileID: 0}
    m_RemovedComponents: []
  m_SourcePrefab: {fileID: 100100000, guid: 0eff827b703210c45a414887e5c2d0d8, type: 3}
--- !u!224 &6370945343055796277 stripped
RectTransform:
  m_CorrespondingSourceObject: {fileID: 4981537742033529920, guid: 0eff827b703210c45a414887e5c2d0d8,
    type: 3}
  m_PrefabInstance: {fileID: 2111026205549999221}
  m_PrefabAsset: {fileID: 0}
--- !u!114 &2111026206228902634 stripped
MonoBehaviour:
  m_CorrespondingSourceObject: {fileID: 1753826975, guid: 0eff827b703210c45a414887e5c2d0d8,
    type: 3}
  m_PrefabInstance: {fileID: 2111026205549999221}
  m_PrefabAsset: {fileID: 0}
  m_GameObject: {fileID: 0}
  m_Enabled: 1
  m_EditorHideFlags: 0
  m_Script: {fileID: 11500000, guid: 0892b491fb8eb9043be78e0f6f4b8fee, type: 3}
  m_Name: 
  m_EditorClassIdentifier: 
--- !u!1001 &5724247474994170620
PrefabInstance:
  m_ObjectHideFlags: 0
  serializedVersion: 2
  m_Modification:
    m_TransformParent: {fileID: 2111026205758309827}
    m_Modifications:
    - target: {fileID: 5925404390362530436, guid: 7fa285e6f10c96b449f94f3fcb8003a7,
        type: 3}
      propertyPath: m_Layer
      value: 11
      objectReference: {fileID: 0}
    - target: {fileID: 5925404390769017457, guid: 7fa285e6f10c96b449f94f3fcb8003a7,
        type: 3}
      propertyPath: m_Pivot.x
      value: 0.5
      objectReference: {fileID: 0}
    - target: {fileID: 5925404390769017457, guid: 7fa285e6f10c96b449f94f3fcb8003a7,
        type: 3}
      propertyPath: m_Pivot.y
      value: 0.5
      objectReference: {fileID: 0}
    - target: {fileID: 5925404390769017457, guid: 7fa285e6f10c96b449f94f3fcb8003a7,
        type: 3}
      propertyPath: m_RootOrder
      value: 6
      objectReference: {fileID: 0}
    - target: {fileID: 5925404390769017457, guid: 7fa285e6f10c96b449f94f3fcb8003a7,
        type: 3}
      propertyPath: m_AnchorMax.x
      value: 0.5
      objectReference: {fileID: 0}
    - target: {fileID: 5925404390769017457, guid: 7fa285e6f10c96b449f94f3fcb8003a7,
        type: 3}
      propertyPath: m_AnchorMax.y
      value: 0.5
      objectReference: {fileID: 0}
    - target: {fileID: 5925404390769017457, guid: 7fa285e6f10c96b449f94f3fcb8003a7,
        type: 3}
      propertyPath: m_AnchorMin.x
      value: 0.5
      objectReference: {fileID: 0}
    - target: {fileID: 5925404390769017457, guid: 7fa285e6f10c96b449f94f3fcb8003a7,
        type: 3}
      propertyPath: m_AnchorMin.y
      value: 0.5
      objectReference: {fileID: 0}
    - target: {fileID: 5925404390769017457, guid: 7fa285e6f10c96b449f94f3fcb8003a7,
        type: 3}
      propertyPath: m_SizeDelta.x
      value: 98.73743
      objectReference: {fileID: 0}
    - target: {fileID: 5925404390769017457, guid: 7fa285e6f10c96b449f94f3fcb8003a7,
        type: 3}
      propertyPath: m_SizeDelta.y
      value: 99.999985
      objectReference: {fileID: 0}
    - target: {fileID: 5925404390769017457, guid: 7fa285e6f10c96b449f94f3fcb8003a7,
        type: 3}
      propertyPath: m_LocalPosition.x
      value: 0
      objectReference: {fileID: 0}
    - target: {fileID: 5925404390769017457, guid: 7fa285e6f10c96b449f94f3fcb8003a7,
        type: 3}
      propertyPath: m_LocalPosition.y
      value: 0
      objectReference: {fileID: 0}
    - target: {fileID: 5925404390769017457, guid: 7fa285e6f10c96b449f94f3fcb8003a7,
        type: 3}
      propertyPath: m_LocalPosition.z
      value: 0
      objectReference: {fileID: 0}
    - target: {fileID: 5925404390769017457, guid: 7fa285e6f10c96b449f94f3fcb8003a7,
        type: 3}
      propertyPath: m_LocalRotation.w
      value: 1
      objectReference: {fileID: 0}
    - target: {fileID: 5925404390769017457, guid: 7fa285e6f10c96b449f94f3fcb8003a7,
        type: 3}
      propertyPath: m_LocalRotation.x
      value: -0
      objectReference: {fileID: 0}
    - target: {fileID: 5925404390769017457, guid: 7fa285e6f10c96b449f94f3fcb8003a7,
        type: 3}
      propertyPath: m_LocalRotation.y
      value: -0
      objectReference: {fileID: 0}
    - target: {fileID: 5925404390769017457, guid: 7fa285e6f10c96b449f94f3fcb8003a7,
        type: 3}
      propertyPath: m_LocalRotation.z
      value: -0
      objectReference: {fileID: 0}
    - target: {fileID: 5925404390769017457, guid: 7fa285e6f10c96b449f94f3fcb8003a7,
        type: 3}
      propertyPath: m_AnchoredPosition.x
      value: -16
      objectReference: {fileID: 0}
    - target: {fileID: 5925404390769017457, guid: 7fa285e6f10c96b449f94f3fcb8003a7,
        type: 3}
      propertyPath: m_AnchoredPosition.y
      value: 7.3
      objectReference: {fileID: 0}
    - target: {fileID: 5925404390769017457, guid: 7fa285e6f10c96b449f94f3fcb8003a7,
        type: 3}
      propertyPath: m_LocalEulerAnglesHint.x
      value: 0
      objectReference: {fileID: 0}
    - target: {fileID: 5925404390769017457, guid: 7fa285e6f10c96b449f94f3fcb8003a7,
        type: 3}
      propertyPath: m_LocalEulerAnglesHint.y
      value: 0
      objectReference: {fileID: 0}
    - target: {fileID: 5925404390769017457, guid: 7fa285e6f10c96b449f94f3fcb8003a7,
        type: 3}
      propertyPath: m_LocalEulerAnglesHint.z
      value: 0
      objectReference: {fileID: 0}
    - target: {fileID: 5925404390769017458, guid: 7fa285e6f10c96b449f94f3fcb8003a7,
        type: 3}
      propertyPath: m_Name
      value: Minimapas
      objectReference: {fileID: 0}
    - target: {fileID: 5925404390769017458, guid: 7fa285e6f10c96b449f94f3fcb8003a7,
        type: 3}
      propertyPath: m_Layer
      value: 11
      objectReference: {fileID: 0}
    - target: {fileID: 5925404390769017458, guid: 7fa285e6f10c96b449f94f3fcb8003a7,
        type: 3}
      propertyPath: m_IsActive
      value: 1
      objectReference: {fileID: 0}
    - target: {fileID: 5925404391100076462, guid: 7fa285e6f10c96b449f94f3fcb8003a7,
        type: 3}
      propertyPath: m_Layer
      value: 11
      objectReference: {fileID: 0}
    - target: {fileID: 5925404391195486063, guid: 7fa285e6f10c96b449f94f3fcb8003a7,
        type: 3}
      propertyPath: m_Layer
      value: 11
      objectReference: {fileID: 0}
    - target: {fileID: 5925404391393439536, guid: 7fa285e6f10c96b449f94f3fcb8003a7,
        type: 3}
      propertyPath: m_Layer
      value: 11
      objectReference: {fileID: 0}
    - target: {fileID: 5925404391673683814, guid: 7fa285e6f10c96b449f94f3fcb8003a7,
        type: 3}
      propertyPath: m_Layer
      value: 11
      objectReference: {fileID: 0}
    - target: {fileID: 5925404391884642198, guid: 7fa285e6f10c96b449f94f3fcb8003a7,
        type: 3}
      propertyPath: m_Layer
      value: 11
      objectReference: {fileID: 0}
    - target: {fileID: 5925404391893248983, guid: 7fa285e6f10c96b449f94f3fcb8003a7,
        type: 3}
      propertyPath: m_Layer
      value: 11
      objectReference: {fileID: 0}
    - target: {fileID: 8531541704100113593, guid: 7fa285e6f10c96b449f94f3fcb8003a7,
        type: 3}
      propertyPath: m_Layer
      value: 11
      objectReference: {fileID: 0}
    m_RemovedComponents: []
  m_SourcePrefab: {fileID: 100100000, guid: 7fa285e6f10c96b449f94f3fcb8003a7, type: 3}
--- !u!224 &2111026205714516109 stripped
RectTransform:
  m_CorrespondingSourceObject: {fileID: 5925404390769017457, guid: 7fa285e6f10c96b449f94f3fcb8003a7,
    type: 3}
  m_PrefabInstance: {fileID: 5724247474994170620}
  m_PrefabAsset: {fileID: 0}
--- !u!1001 &7191326291392572596
PrefabInstance:
  m_ObjectHideFlags: 0
  serializedVersion: 2
  m_Modification:
    m_TransformParent: {fileID: 2111026205758309827}
    m_Modifications:
    - target: {fileID: 9117368185280651613, guid: 23e978124d92aba42933f96bff9f486c,
        type: 3}
      propertyPath: m_SizeDelta.x
      value: 15.178677
      objectReference: {fileID: 0}
    - target: {fileID: 9117368185280651613, guid: 23e978124d92aba42933f96bff9f486c,
        type: 3}
      propertyPath: m_SizeDelta.y
      value: 36.03254
      objectReference: {fileID: 0}
    - target: {fileID: 9117368185280651613, guid: 23e978124d92aba42933f96bff9f486c,
        type: 3}
      propertyPath: m_AnchoredPosition.x
      value: -368.71
      objectReference: {fileID: 0}
    - target: {fileID: 9117368185280651613, guid: 23e978124d92aba42933f96bff9f486c,
        type: 3}
      propertyPath: m_AnchoredPosition.y
      value: -187.2
      objectReference: {fileID: 0}
    - target: {fileID: 9117368185616802116, guid: 23e978124d92aba42933f96bff9f486c,
        type: 3}
      propertyPath: player
      value: 
      objectReference: {fileID: 0}
    - target: {fileID: 9117368185616802116, guid: 23e978124d92aba42933f96bff9f486c,
        type: 3}
      propertyPath: imgArma
      value: 
      objectReference: {fileID: 2111026206789781884}
    - target: {fileID: 9117368185616802116, guid: 23e978124d92aba42933f96bff9f486c,
        type: 3}
      propertyPath: imgBala
      value: 
      objectReference: {fileID: 2111026205266824680}
    - target: {fileID: 9117368185616802117, guid: 23e978124d92aba42933f96bff9f486c,
        type: 3}
      propertyPath: m_Pivot.x
      value: 0.5
      objectReference: {fileID: 0}
    - target: {fileID: 9117368185616802117, guid: 23e978124d92aba42933f96bff9f486c,
        type: 3}
      propertyPath: m_Pivot.y
      value: 0.5
      objectReference: {fileID: 0}
    - target: {fileID: 9117368185616802117, guid: 23e978124d92aba42933f96bff9f486c,
        type: 3}
      propertyPath: m_RootOrder
      value: 0
      objectReference: {fileID: 0}
    - target: {fileID: 9117368185616802117, guid: 23e978124d92aba42933f96bff9f486c,
        type: 3}
      propertyPath: m_AnchorMax.x
      value: 0.5
      objectReference: {fileID: 0}
    - target: {fileID: 9117368185616802117, guid: 23e978124d92aba42933f96bff9f486c,
        type: 3}
      propertyPath: m_AnchorMax.y
      value: 0.5
      objectReference: {fileID: 0}
    - target: {fileID: 9117368185616802117, guid: 23e978124d92aba42933f96bff9f486c,
        type: 3}
      propertyPath: m_AnchorMin.x
      value: 0.5
      objectReference: {fileID: 0}
    - target: {fileID: 9117368185616802117, guid: 23e978124d92aba42933f96bff9f486c,
        type: 3}
      propertyPath: m_AnchorMin.y
      value: 0.5
      objectReference: {fileID: 0}
    - target: {fileID: 9117368185616802117, guid: 23e978124d92aba42933f96bff9f486c,
        type: 3}
      propertyPath: m_SizeDelta.x
      value: 100
      objectReference: {fileID: 0}
    - target: {fileID: 9117368185616802117, guid: 23e978124d92aba42933f96bff9f486c,
        type: 3}
      propertyPath: m_SizeDelta.y
      value: 100
      objectReference: {fileID: 0}
    - target: {fileID: 9117368185616802117, guid: 23e978124d92aba42933f96bff9f486c,
        type: 3}
      propertyPath: m_LocalPosition.x
      value: 0
      objectReference: {fileID: 0}
    - target: {fileID: 9117368185616802117, guid: 23e978124d92aba42933f96bff9f486c,
        type: 3}
      propertyPath: m_LocalPosition.y
      value: 0
      objectReference: {fileID: 0}
    - target: {fileID: 9117368185616802117, guid: 23e978124d92aba42933f96bff9f486c,
        type: 3}
      propertyPath: m_LocalPosition.z
      value: 0
      objectReference: {fileID: 0}
    - target: {fileID: 9117368185616802117, guid: 23e978124d92aba42933f96bff9f486c,
        type: 3}
      propertyPath: m_LocalRotation.w
      value: 1
      objectReference: {fileID: 0}
    - target: {fileID: 9117368185616802117, guid: 23e978124d92aba42933f96bff9f486c,
        type: 3}
      propertyPath: m_LocalRotation.x
      value: -0
      objectReference: {fileID: 0}
    - target: {fileID: 9117368185616802117, guid: 23e978124d92aba42933f96bff9f486c,
        type: 3}
      propertyPath: m_LocalRotation.y
      value: -0
      objectReference: {fileID: 0}
    - target: {fileID: 9117368185616802117, guid: 23e978124d92aba42933f96bff9f486c,
        type: 3}
      propertyPath: m_LocalRotation.z
      value: -0
      objectReference: {fileID: 0}
    - target: {fileID: 9117368185616802117, guid: 23e978124d92aba42933f96bff9f486c,
        type: 3}
      propertyPath: m_AnchoredPosition.x
      value: 0
      objectReference: {fileID: 0}
    - target: {fileID: 9117368185616802117, guid: 23e978124d92aba42933f96bff9f486c,
        type: 3}
      propertyPath: m_AnchoredPosition.y
      value: 0
      objectReference: {fileID: 0}
    - target: {fileID: 9117368185616802117, guid: 23e978124d92aba42933f96bff9f486c,
        type: 3}
      propertyPath: m_LocalEulerAnglesHint.x
      value: 0
      objectReference: {fileID: 0}
    - target: {fileID: 9117368185616802117, guid: 23e978124d92aba42933f96bff9f486c,
        type: 3}
      propertyPath: m_LocalEulerAnglesHint.y
      value: 0
      objectReference: {fileID: 0}
    - target: {fileID: 9117368185616802117, guid: 23e978124d92aba42933f96bff9f486c,
        type: 3}
      propertyPath: m_LocalEulerAnglesHint.z
      value: 0
      objectReference: {fileID: 0}
    - target: {fileID: 9117368185616802118, guid: 23e978124d92aba42933f96bff9f486c,
        type: 3}
      propertyPath: m_Name
      value: MarcadorArmas
      objectReference: {fileID: 0}
    m_RemovedComponents: []
  m_SourcePrefab: {fileID: 100100000, guid: 23e978124d92aba42933f96bff9f486c, type: 3}
--- !u!224 &2111026205464628721 stripped
RectTransform:
  m_CorrespondingSourceObject: {fileID: 9117368185616802117, guid: 23e978124d92aba42933f96bff9f486c,
    type: 3}
  m_PrefabInstance: {fileID: 7191326291392572596}
  m_PrefabAsset: {fileID: 0}
--- !u!114 &2111026206789781884 stripped
MonoBehaviour:
  m_CorrespondingSourceObject: {fileID: 9117368186744825288, guid: 23e978124d92aba42933f96bff9f486c,
    type: 3}
  m_PrefabInstance: {fileID: 7191326291392572596}
  m_PrefabAsset: {fileID: 0}
  m_GameObject: {fileID: 0}
  m_Enabled: 1
  m_EditorHideFlags: 0
  m_Script: {fileID: 11500000, guid: fe87c0e1cc204ed48ad3b37840f39efc, type: 3}
  m_Name: 
  m_EditorClassIdentifier: 
--- !u!114 &2111026205266824680 stripped
MonoBehaviour:
  m_CorrespondingSourceObject: {fileID: 9117368185280651612, guid: 23e978124d92aba42933f96bff9f486c,
    type: 3}
  m_PrefabInstance: {fileID: 7191326291392572596}
  m_PrefabAsset: {fileID: 0}
  m_GameObject: {fileID: 0}
  m_Enabled: 1
  m_EditorHideFlags: 0
  m_Script: {fileID: 11500000, guid: fe87c0e1cc204ed48ad3b37840f39efc, type: 3}
  m_Name: 
  m_EditorClassIdentifier: 
--- !u!1001 &7813059429540673156
PrefabInstance:
  m_ObjectHideFlags: 0
  serializedVersion: 2
  m_Modification:
    m_TransformParent: {fileID: 2111026205758309827}
    m_Modifications:
    - target: {fileID: 8153291043915656785, guid: ddc36ed9db169094cafbe07e8a542824,
        type: 3}
      propertyPath: m_Pivot.x
      value: 0.5
      objectReference: {fileID: 0}
    - target: {fileID: 8153291043915656785, guid: ddc36ed9db169094cafbe07e8a542824,
        type: 3}
      propertyPath: m_Pivot.y
      value: 0.5
      objectReference: {fileID: 0}
    - target: {fileID: 8153291043915656785, guid: ddc36ed9db169094cafbe07e8a542824,
        type: 3}
      propertyPath: m_RootOrder
      value: 1
      objectReference: {fileID: 0}
    - target: {fileID: 8153291043915656785, guid: ddc36ed9db169094cafbe07e8a542824,
        type: 3}
      propertyPath: m_AnchorMax.x
      value: 0.5
      objectReference: {fileID: 0}
    - target: {fileID: 8153291043915656785, guid: ddc36ed9db169094cafbe07e8a542824,
        type: 3}
      propertyPath: m_AnchorMax.y
      value: 0.5
      objectReference: {fileID: 0}
    - target: {fileID: 8153291043915656785, guid: ddc36ed9db169094cafbe07e8a542824,
        type: 3}
      propertyPath: m_AnchorMin.x
      value: 0.5
      objectReference: {fileID: 0}
    - target: {fileID: 8153291043915656785, guid: ddc36ed9db169094cafbe07e8a542824,
        type: 3}
      propertyPath: m_AnchorMin.y
      value: 0.5
      objectReference: {fileID: 0}
    - target: {fileID: 8153291043915656785, guid: ddc36ed9db169094cafbe07e8a542824,
        type: 3}
      propertyPath: m_SizeDelta.x
      value: 188.57224
      objectReference: {fileID: 0}
    - target: {fileID: 8153291043915656785, guid: ddc36ed9db169094cafbe07e8a542824,
        type: 3}
      propertyPath: m_SizeDelta.y
      value: 47.353256
      objectReference: {fileID: 0}
    - target: {fileID: 8153291043915656785, guid: ddc36ed9db169094cafbe07e8a542824,
        type: 3}
      propertyPath: m_LocalPosition.x
      value: 0
      objectReference: {fileID: 0}
    - target: {fileID: 8153291043915656785, guid: ddc36ed9db169094cafbe07e8a542824,
        type: 3}
      propertyPath: m_LocalPosition.y
      value: 0
      objectReference: {fileID: 0}
    - target: {fileID: 8153291043915656785, guid: ddc36ed9db169094cafbe07e8a542824,
        type: 3}
      propertyPath: m_LocalPosition.z
      value: 0
      objectReference: {fileID: 0}
    - target: {fileID: 8153291043915656785, guid: ddc36ed9db169094cafbe07e8a542824,
        type: 3}
      propertyPath: m_LocalRotation.w
      value: 1
      objectReference: {fileID: 0}
    - target: {fileID: 8153291043915656785, guid: ddc36ed9db169094cafbe07e8a542824,
        type: 3}
      propertyPath: m_LocalRotation.x
      value: -0
      objectReference: {fileID: 0}
    - target: {fileID: 8153291043915656785, guid: ddc36ed9db169094cafbe07e8a542824,
        type: 3}
      propertyPath: m_LocalRotation.y
      value: -0
      objectReference: {fileID: 0}
    - target: {fileID: 8153291043915656785, guid: ddc36ed9db169094cafbe07e8a542824,
        type: 3}
      propertyPath: m_LocalRotation.z
      value: -0
      objectReference: {fileID: 0}
    - target: {fileID: 8153291043915656785, guid: ddc36ed9db169094cafbe07e8a542824,
        type: 3}
      propertyPath: m_AnchoredPosition.x
      value: -5.7139
      objectReference: {fileID: 0}
    - target: {fileID: 8153291043915656785, guid: ddc36ed9db169094cafbe07e8a542824,
        type: 3}
      propertyPath: m_AnchoredPosition.y
      value: 174
      objectReference: {fileID: 0}
    - target: {fileID: 8153291043915656785, guid: ddc36ed9db169094cafbe07e8a542824,
        type: 3}
      propertyPath: m_LocalEulerAnglesHint.x
      value: 0
      objectReference: {fileID: 0}
    - target: {fileID: 8153291043915656785, guid: ddc36ed9db169094cafbe07e8a542824,
        type: 3}
      propertyPath: m_LocalEulerAnglesHint.y
      value: 0
      objectReference: {fileID: 0}
    - target: {fileID: 8153291043915656785, guid: ddc36ed9db169094cafbe07e8a542824,
        type: 3}
      propertyPath: m_LocalEulerAnglesHint.z
      value: 0
      objectReference: {fileID: 0}
    - target: {fileID: 8153291043915656786, guid: ddc36ed9db169094cafbe07e8a542824,
        type: 3}
      propertyPath: m_Name
      value: EnemyLife
      objectReference: {fileID: 0}
    - target: {fileID: 8153291043915656786, guid: ddc36ed9db169094cafbe07e8a542824,
        type: 3}
      propertyPath: m_IsActive
      value: 0
      objectReference: {fileID: 0}
    - target: {fileID: 8153291045179903621, guid: ddc36ed9db169094cafbe07e8a542824,
        type: 3}
      propertyPath: EnemyStats
      value: 
      objectReference: {fileID: 0}
    m_RemovedComponents: []
  m_SourcePrefab: {fileID: 100100000, guid: ddc36ed9db169094cafbe07e8a542824, type: 3}
--- !u!224 &2111026205799930069 stripped
RectTransform:
  m_CorrespondingSourceObject: {fileID: 8153291043915656785, guid: ddc36ed9db169094cafbe07e8a542824,
    type: 3}
  m_PrefabInstance: {fileID: 7813059429540673156}
  m_PrefabAsset: {fileID: 0}
